

@article{Neural_networks,
    author =       "Juergen Schmidhuber",
    title =        "Deep learning in neural networks: An overview",
    journal =      "Machine Learning",
    volume =       "61",
    number =       "",
    pages =        "pp 85-117",
    year =         "2015",
    DOI =          "DOI: 10.1016/j.neunet.2014.09.003"
}

@article{Deep_learning,
    author =       {Yann LeCun and Yoshua Bengio and Geoffrey Hinton},
    title =        "Deep learning",
    journal =      "Nature",
    volume =       "521",
    number =       "",
    pages =        "pp 436-444",
    year =         "2015",
    DOI =          " doi:10.1038/nature14539"
}


@article{Random_Forests,
    author =       "Leo Breiman",
    title =        "Random Forests",
    journal =      "Machine Learning",
    volume =       "45",
    number =       "1",
    pages =        "pp 5–32",
    year =         "2001",
    DOI =          "DOI: 10.1023/A:1010933404324"
}

@book{Data_science_and_Big_Data,
    author    = {Davy Cielen  and Arno D.B.Meysman and Mohamed Ali},
    title     = "Introducing Data Science",
    year      = "2016",
    publisher = "Manning Publications",
    ISBN = "978-1633430037"
}

@book{Olap_and_Data_Mining,
    author    = {А.А.Барсегян, М.C.Куприянов, В.В.Степаненко, И.И.Холод},
    title     = "Методы и модели анализа данных, OLAP и Data Mining",
    year      = "2004",
    publisher = "БХВ-Петербург",
    ISBN = "5-94157-522-X"
}

@book{Terms,
    author    = "Н.В.Александрова",
    title     = "История математических терминов, понятий и обозначений",
    year      = "2008",
    pages = "101",
    publisher = "Издательство ЛКИ",
    ISBN = "978-5-382-00839-4"
}

@article{citation,
author = {Maria Schuld and Ilya Sinayskiy and Francesco Petruccione},
title = {An introduction to quantum machine learning},
journal = {Contemporary Physics},
volume = {56},
number = {2},
pages = {172-185},
year  = {2015},
publisher = {Taylor & Francis},
doi = {10.1080/00107514.2014.964942},
}

@Article{Smola2004,
author= {Smola, Alex J. and Sch{\"o}lkopf, Bernhard},
title="A tutorial on support vector regression",
journal="Statistics and Computing",
year="2004",
month="Aug",
day="01",
volume="14",
number="3",
pages="199--222",
issn="1573-1375",
doi="10.1023/B:STCO.0000035301.49549.88",
url="https://doi.org/10.1023/B:STCO.0000035301.49549.88"
}

@article{vapnik2000bounds,
  title={Bounds on error expectation for support vector machines},
  author={Vapnik, Vladimir and Chapelle, Olivier},
  journal={Neural computation},
  volume={12},
  number={9},
  pages={2013--2036},
  year={2000},
  publisher={MIT Press}
}


@inproceedings{rish2001empirical,
  title={An empirical study of the naive Bayes classifier},
  author={Rish, Irina and others},
  booktitle={IJCAI 2001 workshop on empirical methods in artificial intelligence},
  volume={3},
  number={22},
  pages={41--46},
  year={2001}
}

@article{safavian1991survey,
  title={A survey of decision tree classifier methodology},
  author={Safavian, S Rasoul and Landgrebe, David},
  journal={IEEE transactions on systems, man, and cybernetics},
  volume={21},
  number={3},
  pages={660--674},
  year={1991},
  publisher={IEEE}
}

@book{elements_of_statistical_learning,
    author    = {Hastie T. AND Tibshirani R. AND Friedman J. },
    title     = "The Elements of Statistical Learning",
    year      = "2001",
    pages = "pp 11-16",
    publisher = "Springer",
    ISBN = "0-387-95284-5"
}

@inproceedings{lienhart2003empirical,
  title={Empirical analysis of detection cascades of boosted classifiers for rapid object detection},
  author={Lienhart, Rainer and Kuranov, Alexander and Pisarevsky, Vadim},
  booktitle={Joint Pattern Recognition Symposium},
  pages={297--304},
  year={2003},
  organization={Springer}
}

@article{breiman1996bagging,
  title={Bagging predictors},
  author={Breiman, Leo},
  journal={Machine learning},
  volume={24},
  number={2},
  pages={123--140},
  year={1996},
  publisher={Springer}
}

@article{freund1997decision,
  title={A decision-theoretic generalization of on-line learning and an application to boosting},
  author={Freund, Yoav and Schapire, Robert E},
  journal={Journal of computer and system sciences},
  volume={55},
  number={1},
  pages={119--139},
  year={1997},
  publisher={Elsevier}
}

@article{deb2002fast,
  title={A fast and elitist multiobjective genetic algorithm: NSGA-II},
  author={Deb, Kalyanmoy and Pratap, Amrit and Agarwal, Sameer and Meyarivan, TAMT},
  journal={IEEE transactions on evolutionary computation},
  volume={6},
  number={2},
  pages={182--197},
  year={2002},
  publisher={IEEE}
}

@article{rosenblatt1958perceptron,
  title={The perceptron: a probabilistic model for information storage and organization in the brain.},
  author={Rosenblatt, Frank},
  journal={Psychological review},
  volume={65},
  number={6},
  pages={386},
  year={1958},
  publisher={American Psychological Association}
}

@misc{xiong2016achieving,
    title={Achieving Human Parity in Conversational Speech Recognition},
    author={W. Xiong and J. Droppo and X. Huang and F. Seide and M. Seltzer and A. Stolcke and D. Yu and G. Zweig},
    year={2016},
    eprint={1610.05256},
    archivePrefix={arXiv},
    primaryClass={cs.CL}
}

@article{androutsopoulos2000evaluation,
  title={An evaluation of naive bayesian anti-spam filtering},
  author={Androutsopoulos, Ion and Koutsias, John and Chandrinos, Konstantinos V and Paliouras, George and Spyropoulos, Constantine D},
  journal={arXiv preprint cs/0006013},
  year={2000}
}


@misc{rajpurkar2017chexnet,
    title={CheXNet: Radiologist-Level Pneumonia Detection on Chest X-Rays with Deep Learning},
    author={Pranav Rajpurkar and Jeremy Irvin and Kaylie Zhu and Brandon Yang and Hershel Mehta and Tony Duan and Daisy Ding and Aarti Bagul and Curtis Langlotz and Katie Shpanskaya and Matthew P. Lungren and Andrew Y. Ng},
    year={2017},
    eprint={1711.05225},
    archivePrefix={arXiv},
    primaryClass={cs.CV}
}

@inproceedings{shi2016real,
  title={Real-time single image and video super-resolution using an efficient sub-pixel convolutional neural network},
  author={Shi, Wenzhe and Caballero, Jose and Husz{\'a}r, Ferenc and Totz, Johannes and Aitken, Andrew P and Bishop, Rob and Rueckert, Daniel and Wang, Zehan},
  booktitle={Proceedings of the IEEE conference on computer vision and pattern recognition},
  pages={1874--1883},
  year={2016}
}

@InProceedings{10.1007/978-3-319-60366-7_23,
author="L{\'o}pez, Gustavo
and Quesada, Luis
and Guerrero, Luis A.",
editor="Nunes, Isabel L.",
title="Alexa vs. Siri vs. Cortana vs. Google Assistant: A Comparison of Speech-Based Natural User Interfaces",
booktitle="Advances in Human Factors and Systems Interaction",
year="2018",
publisher="Springer International Publishing",
address="Cham",
pages="241--250",
isbn="978-3-319-60366-7"
}

@misc{yandex2018conf,
  title = {Конференция Яндекса},
  howpublished = {https://events.yandex.ru/events/b-konf/16-july-2018/},
  note = {2018-07-16}
}

